<record><leader>00000cas a2200000 a 4500</leader><controlfield tag="001">12924622</controlfield><controlfield tag="008">851217d18751962gauwr ne      0    0eng c</controlfield><datafield ind1=" " ind2=" " tag="010"><subfield code="a">sn 85027046 </subfield></datafield><datafield ind1=" " ind2=" " tag="040"><subfield code="a">NPX</subfield><subfield code="b">eng</subfield><subfield code="c">NPX</subfield><subfield code="d">NLG</subfield><subfield code="d">GUA</subfield><subfield code="d">OCLCQ</subfield><subfield code="d">OCLCF</subfield><subfield code="d">OCLCO</subfield></datafield><datafield ind1="1" ind2=" " tag="029"><subfield code="a">AU@</subfield><subfield code="b">000024464686</subfield></datafield><datafield ind1=" " ind2=" " tag="042"><subfield code="a">pcc</subfield></datafield><datafield ind1=" " ind2=" " tag="043"><subfield code="a">n-us-ga</subfield></datafield><datafield ind1="0" ind2=" " tag="130"><subfield code="a">Butler herald (Butler, Ga.)</subfield></datafield><datafield ind1="1" ind2="4" tag="245"><subfield code="a">The Butler herald.</subfield></datafield><datafield ind1=" " ind2=" " tag="260"><subfield code="a">Butler, Ga. :</subfield><subfield code="b">W.J. Mathis</subfield></datafield><datafield ind1=" " ind2=" " tag="300"><subfield code="a">v.</subfield></datafield><datafield ind1=" " ind2=" " tag="310"><subfield code="a">Weekly</subfield></datafield><datafield ind1="1" ind2=" " tag="362"><subfield code="a">Began in 1875.</subfield></datafield><datafield ind1="0" ind2=" " tag="362"><subfield code="a">-v. 86, no. 43 (July 26, 1962).</subfield></datafield><datafield ind1=" " ind2=" " tag="500"><subfield code="a">Editor: W.J. Mathis, &lt;1876&gt;.</subfield></datafield><datafield ind1=" " ind2=" " tag="530"><subfield code="a">Also on microfilm: Athens, Ga. : University of Georgia Libraries.</subfield></datafield><datafield ind1=" " ind2=" " tag="588"><subfield code="a">Description based on: Vol. 1, no. 39 (July 18, 1876).</subfield></datafield><datafield ind1=" " ind2="0" tag="651"><subfield code="a">Taylor County (Ga.)</subfield><subfield code="v">Newspapers.</subfield></datafield><datafield ind1=" " ind2="7" tag="655"><subfield code="a">Newspapers.</subfield><subfield code="2">fast</subfield><subfield code="0">(OCoLC)fst01423814</subfield></datafield><datafield ind1=" " ind2="7" tag="651"><subfield code="a">Georgia</subfield><subfield code="z">Taylor County.</subfield><subfield code="2">fast</subfield><subfield code="0">(OCoLC)fst01215825</subfield></datafield><datafield ind1=" " ind2=" " tag="752"><subfield code="a">United States</subfield><subfield code="b">Georgia</subfield><subfield code="c">Taylor</subfield><subfield code="d">Butler.</subfield></datafield><datafield ind1="0" ind2="0" tag="785"><subfield code="t">Taylor County news and the Butler herald</subfield><subfield code="w">(DLC)sn 88054051</subfield><subfield code="w">(OCoLC)18702361</subfield></datafield></record>